<record><leader>00000cas a2200000 a 4500</leader><controlfield tag="001">11794260</controlfield><controlfield tag="008">850312d19151916ksuwr ne      0   a0eng d</controlfield><datafield ind1=" " ind2=" " tag="010"><subfield code="a">sn 85031009 </subfield></datafield><datafield ind1=" " ind2=" " tag="040"><subfield code="a">KSH</subfield><subfield code="b">eng</subfield><subfield code="c">KSH</subfield><subfield code="d">NPT</subfield><subfield code="d">OCL</subfield><subfield code="d">OCLCQ</subfield></datafield><datafield ind1=" " ind2=" " tag="042"><subfield code="a">msc</subfield></datafield><datafield ind1="0" ind2="4" tag="245"><subfield code="a">The Lost Springs news.</subfield></datafield><datafield ind1=" " ind2=" " tag="260"><subfield code="a">Lost Springs, Kan. :</subfield><subfield code="b">[L.N. Woodside],</subfield><subfield code="c">1915-1916.</subfield></datafield><datafield ind1=" " ind2=" " tag="300"><subfield code="a">2 v. :</subfield><subfield code="b">ill. (chiefly advertisements) ;</subfield><subfield code="c">55 cm.</subfield></datafield><datafield ind1=" " ind2=" " tag="310"><subfield code="a">Weekly</subfield></datafield><datafield ind1="0" ind2=" " tag="362"><subfield code="a">Vol. 1, no. 1 (Aug. 5, 1915)-v. 2, no. 6 (Sept. 7, 1916).</subfield></datafield><datafield ind1=" " ind2=" " tag="500"><subfield code="a">Published by Mrs. S.P. Loomis, June 15-Sept. 7, 1916.</subfield></datafield><datafield ind1=" " ind2=" " tag="752"><subfield code="a">United States</subfield><subfield code="b">Kansas</subfield><subfield code="c">Marion</subfield><subfield code="d">Lost Springs.</subfield></datafield></record>